<?xml version="1.0" encoding="UTF-8"?><collection xmlns="http://www.loc.gov/MARC21/slim"><record><leader>00461nam--2200169-i-4500</leader><controlfield tag="001">000047660</controlfield><controlfield tag="002">20161230</controlfield><controlfield tag="005">20161230201046</controlfield><controlfield tag="008">060222s1000------------r-----000-0-eng-d</controlfield><datafield ind1=" " ind2=" " tag="040"><subfield code="a">IFIN-HH</subfield></datafield><datafield ind1=" " ind2=" " tag="080"><subfield code="a">537.531</subfield></datafield><datafield ind1="1" ind2=" " tag="100"><subfield code="a">Wilson, A.J.V</subfield></datafield><datafield ind1="1" ind2="0" tag="245"><subfield code="a">Mathematical theory of x-ray powder diffractometry</subfield><subfield code="c">A.j.v. wilson</subfield></datafield><datafield ind1=" " ind2=" " tag="260"><subfield code="a">Eindhoven</subfield><subfield code="b">Philips Technical Library</subfield><subfield code="c">1963</subfield></datafield><datafield ind1=" " ind2=" " tag="300"><subfield code="a">IX+128P</subfield></datafield><datafield ind1=" " ind2=" " tag="852"><subfield code="a">17199</subfield><subfield code="c">537.531</subfield></datafield><datafield ind1=" " ind2=" " tag="CAT"><subfield code="a">Sys</subfield><subfield code="c">20110809</subfield><subfield code="h">125416</subfield></datafield></record></collection>